
@article{beck2014,
	title = {Mapping Leaf Area Index in subtropical upland ecosystems using {RapidEye} imagery and the {randomForest} algorithm},
	volume = {7},
	issn = {19717458},
	url = {http://appencore.wncln.org:61080/ebsco-e-a/ehost/detail/detail?sid=92fb11ec-864a-4b10-a4cd-d2afd4fe2a68%40sessionmgr4005&vid=0&hid=4205&bdata=JnNpdGU9ZWhvc3QtbGl2ZQ%3d%3d#db=a9h&AN=95523567},
	doi = {10.3832/ifor0968-006},
	pages = {1--11},
	number = {1},
	journaltitle = {{iForest} - Biogeosciences and Forestry},
	author = {Becksch√§fer, P and Fehrmann, L and Harrison, Rd and Xu, J and Kleinn, C},
	urldate = {2014-12-23},
	date = {2014-02-03},
	langid = {english},
	file = {Mapping Leaf Area Index in subtropical upland ecosystems using RapidEye ima...\: EBSCOhost:/Users/alan/Library/Application Support/Firefox/Profiles/ogfbn63f.default/zotero/storage/TVAH9FE9/detail.html:text/html}
}

@book{rich2013,
	location = {Birmingham, {UK}},
	title = {Building machine learning systems with Python},
	pagetotal = {1},
	publisher = {Packt Publishing},
	author = {Richert, Willi},
	editora = {Coelho, Luis Pedro},
	editoratype = {collaborator},
	date = {2013},
	keywords = {Electronic books, Machine learning, Python (Computer program language)}
}

@book{murp2012,
	location = {Cambridge, Mass},
	title = {Machine learning a probabilisticperspective},
	isbn = {9780262305242},
	url = {http://0-search.ebscohost.com.wncln.wncln.org/login.aspx?direct=true&scope=site&db=nlebk&db=nlabk&AN=480968},
	series = {Adaptive computation and machine learning series},
	pagetotal = {1},
	publisher = {{MIT} Press},
	author = {Murphy, Kevin P.},
	urldate = {2014-12-23},
	date = {2012},
	keywords = {{COMPUTERS} / Enterprise Applications / Business Intelligence Tools, {COMPUTERS} / Intelligence ({AI}) \& Semantics, Electronic books, Machine learning, Machine-learning, Probabilities}
}

@book{dean2014,
	location = {Hoboken, {NJ}},
	title = {Big data, data mining, and machine learning value creation for business leaders and practitioners},
	isbn = {9781118691786},
	url = {http://0-site.ebrary.com.wncln.wncln.org/lib/appstate/docDetail.action?docID=10869677},
	series = {Wiley \& {SAS} Business Series},
	pagetotal = {1},
	publisher = {Wiley},
	author = {Dean, Jared and {ebrary, Inc}},
	urldate = {2014-12-23},
	date = {2014},
	keywords = {Big data, Data mining, Machine learning, Management information systems}
}