@Manual{R-knitcitations,
  title = {knitcitations: Citations for knitr markdown files},
  author = {Carl Boettiger},
  year = {2014},
  note = {R package version 1.0.5},
  url = {http://CRAN.R-project.org/package=knitcitations},
}
@Manual{R-knitr,
  title = {knitr: A General-Purpose Package for Dynamic Report Generation in R},
  author = {Yihui Xie},
  year = {2014},
  note = {R package version 1.8},
  url = {http://CRAN.R-project.org/package=knitr},
}
@Manual{R-PASWR2,
  title = {PASWR2: Probability and Statistics with R, Second Edition},
  author = {Alan T. Arnholt},
  year = {2014},
  note = {R package version 1.0},
  url = {http://CRAN.R-project.org/package=PASWR2},
}
@Manual{R-roxygen2,
  title = {roxygen2: In-source Documentation for R},
  author = {Hadley Wickham and Peter Danenberg and Manuel Eugster},
  year = {2014},
  note = {R package version 4.1.0},
  url = {http://CRAN.R-project.org/package=roxygen2},
}
